@book{culler1998parallel,
  title={Parallel computer architecture: a hardware/software approach},
  author={Culler, David and Singh, Jaswinder Pal and Gupta, Anoop},
  year={1998},
  publisher={Elsevier}
}

@misc{llnl-parallel,
  author       = {{Lawrence Livermore National Laboratory}},
  title        = {Introduction to Parallel Computing},
  year         = {2023},
  url          = {https://hpc.llnl.gov/training/tutorials/introduction-parallel-computing},
  note         = {Accessed: 2025-07-20}
}


@misc{bryant2016computer,
  title={Computer Systems},
  author={Bryant, Randal E and Oâ€™Hallaron, David R},
  year={2016},
  publisher={Paperback}
}

@article{nvidia2020a100,
  title={A100 tensor core gpu architecture},
  author={Nvidia, NVIDIA},
  journal={Unprecedented Acceleration at Every Scale},
  year={2020}
}

@book{grama2008introduction,
  title={An Introduction to Parallel Computing: Design and Analysis of Algorithms, 2/e},
  author={Grama, Ananth},
  year={2008},
  publisher={Pearson Education India}
}

@article{rajaraman2016ieee,
  title={IEEE standard for floating point numbers},
  author={Rajaraman, V},
  journal={Resonance},
  volume={21},
  pages={11--30},
  year={2016},
  publisher={Springer}
}

@book{snir1998mpi,
  title={MPI--the Complete Reference: the MPI core},
  author={Snir, Marc},
  volume={1},
  year={1998},
  publisher={MIT press}
}

@article{nvidia2011nvidia,
  title={Nvidia cuda c programming guide},
  author={Nvidia, CUDA},
  journal={Nvidia Corporation},
  volume={120},
  number={18},
  pages={8},
  year={2011}
}